@article{giraud2012cortical,
  title={Cortical oscillations and speech processing: emerging computational principles and operations},
  author={Giraud, Anne-Lise and Poeppel, David},
  journal={Nature neuroscience},
  volume={15},
  number={4},
  pages={511--517},
  year={2012},
  publisher={Nature Publishing Group}
}

@article{sejnowski2006network,
  title={Network oscillations: emerging computational principles},
  author={Sejnowski, Terrence J and Paulsen, Ole},
  journal={The Journal of Neuroscience},
  volume={26},
  number={6},
  pages={1673--1676},
  year={2006},
  publisher={Soc Neuroscience}
}

@article{varela2001brainweb,
  title={The brainweb: phase synchronization and large-scale integration},
  author={Varela, Francisco and Lachaux, Jean-Philippe and Rodriguez, Eugenio and Martinerie, Jacques},
  journal={Nature reviews neuroscience},
  volume={2},
  number={4},
  pages={229--239},
  year={2001},
  publisher={Nature Publishing Group}
}

@article{engel2010beta,
  title={Beta-band oscillations—signalling the status quo?},
  author={Engel, Andreas K and Fries, Pascal},
  journal={Current opinion in neurobiology},
  volume={20},
  number={2},
  pages={156--165},
  year={2010},
  publisher={Elsevier}
}

@article{engel2001dynamic,
  title={Dynamic predictions: oscillations and synchrony in top--down processing},
  author={Engel, Andreas K and Fries, Pascal and Singer, Wolf},
  journal={Nature Reviews Neuroscience},
  volume={2},
  number={10},
  pages={704--716},
  year={2001},
  publisher={Nature Publishing Group}
}

@article{fujioka2012internalized,
  title={Internalized timing of isochronous sounds is represented in neuromagnetic beta oscillations},
  author={Fujioka, Takako and Trainor, Laurel J and Large, Edward W and Ross, Bernhard},
  journal={The Journal of Neuroscience},
  volume={32},
  number={5},
  pages={1791--1802},
  year={2012},
  publisher={Soc Neuroscience}
}

@article{magnani1998event,
  title={Event-Related desynchronization to contingent negative variation and Self-Paced movement paradigms in Parkinson's disease},
  author={Magnani, Giuseppe and Cursi, Marco and Leocani, Letizia and Volont{\'e}, Maria Antonietta and Locatelli, Tiziana and Elia, Aldo and Comi, Giancarlo},
  journal={Movement disorders},
  volume={13},
  number={4},
  pages={653--660},
  year={1998},
  publisher={Wiley Online Library}
}

@article{swann2011deep,
  title={Deep brain stimulation of the subthalamic nucleus alters the cortical profile of response inhibition in the beta frequency band: a scalp EEG study in Parkinson's disease},
  author={Swann, Nicole and Poizner, Howard and Houser, Melissa and Gould, Sherrie and Greenhouse, Ian and Cai, Weidong and Strunk, Jon and George, Jobi and Aron, Adam R},
  journal={The Journal of Neuroscience},
  volume={31},
  number={15},
  pages={5721--5729},
  year={2011},
  publisher={Soc Neuroscience}
}

@article{lerud2014pitch,
  title={Pitch shift of the residue and its brainstem electrophysiological correlates are explained by nonlinear oscillation},
  author={Lerud, Karl D and Kim, Ji Chul and Large, Edward W},
  journal={The Journal of the Acoustical Society of America},
  volume={135},
  number={4},
  pages={2166--2166},
  year={2014},
  publisher={Acoustical Society of America}
}

@book{izhikevich2007dynamical,
  title={Dynamical systems in neuroscience},
  author={Izhikevich, Eugene M},
  year={2007},
  publisher={MIT press}
}

@article{rizzolatti2001cortical,
  title={The cortical motor system},
  author={Rizzolatti, Giacomo and Luppino, Giuseppe},
  journal={Neuron},
  volume={31},
  number={6},
  pages={889--901},
  year={2001},
  publisher={Elsevier}
}

@article{kerr2013cortical,
  title={Cortical information flow in Parkinson’s disease: a composite network/field model},
  author={Kerr, Cliff C and Van Albada, Sacha J and Neymotin, Samuel A and Chadderdon, George L and Robinson, PA and Lytton, William W},
  year={2013}
}

@article{large2015neural,
  title={Neural networks for beat perception in musical rhythm},
  author={Large, Edward W and Herrera, Jorge A and Velasco, Marc J},
  journal={Frontiers in systems neuroscience},
  volume={9},
  year={2015},
  publisher={Frontiers Media SA}
}

@article{large2010canonical,
  title={A canonical model for gradient frequency neural networks},
  author={Large, Edward W and Almonte, Felix V and Velasco, Marc J},
  journal={Physica D: Nonlinear Phenomena},
  volume={239},
  number={12},
  pages={905--911},
  year={2010},
  publisher={Elsevier}
}

@article{kim2015signal,
  title={Signal Processing in Periodically Forced Gradient Frequency Neural Networks},
  author={Kim, Ji Chul and Large, Edward W},
  journal={Frontiers in computational neuroscience},
  volume={9},
  year={2015},
  publisher={Frontiers Media SA}
}