@article{fujioka2009beta,
  title={Beta and gamma rhythms in human auditory cortex during musical beat processing},
  author={Fujioka, Takako and Trainor, Laurel J and Large, Edward W and Ross, Bernhard},
  journal={Annals of the New York Academy of Sciences},
  volume={1169},
  number={1},
  pages={89--92},
  year={2009},
  publisher={Wiley Online Library}
}


@article{jamali2014neuromagnetic,
  title={Neuromagnetic beta and gamma oscillations in the somatosensory cortex after music training in healthy older adults and a chronic stroke patient},
  author={Jamali, Shahab and Fujioka, Takako and Ross, Bernhard},
  journal={Clinical Neurophysiology},
  volume={125},
  number={6},
  pages={1213--1222},
  year={2014},
  publisher={Elsevier}
}


@article{jenkinson2011new,
  title={New insights into the relationship between dopamine, beta oscillations and motor function},
  author={Jenkinson, Ned and Brown, Peter},
  journal={Trends in neurosciences},
  volume={34},
  number={12},
  pages={611--618},
  year={2011},
  publisher={Elsevier}
}


@article{izhikevich2004model,
  title={Which model to use for cortical spiking neurons?},
  author={Izhikevich, Eugene M},
  journal={IEEE transactions on neural networks},
  volume={15},
  number={5},
  pages={1063--1070},
  year={2004}
}


@article{izhikevich2008large,
  title={Large-scale model of mammalian thalamocortical systems},
  author={Izhikevich, Eugene M and Edelman, Gerald M},
  journal={Proceedings of the national academy of sciences},
  volume={105},
  number={9},
  pages={3593--3598},
  year={2008},
  publisher={National Acad Sciences}
}


@article{large2015neural,
  title={Neural networks for beat perception in musical rhythm},
  author={Large, Edward W and Herrera, Jorge A and Velasco, Marc J},
  journal={Frontiers in systems neuroscience},
  volume={9},
  year={2015},
  publisher={Frontiers Media SA}
}


@article{merrison2013interactive,
  title={An interactive channel model of the basal ganglia: bifurcation analysis under healthy and parkinsonian conditions},
  author={Merrison-Hort, Robert and Yousif, Nada and Njap, Felix and Hofmann, Ulrich G and Burylko, Oleksandr and Borisyuk, Roman},
  journal={The Journal of Mathematical Neuroscience},
  volume={3},
  number={1},
  pages={1},
  year={2013},
  publisher={Springer Berlin Heidelberg}
}


@inproceedings{nevado2011bifurcation,
  title={Bifurcation analysis points towards the source of beta neuronal oscillations in Parkinson's disease},
  author={Nevado-Holgado, Alejo J and Terry, John R and Bogacz, Rafal},
  booktitle={2011 50th IEEE Conference on Decision and Control and European Control Conference},
  pages={6492--6497},
  year={2011},
  organization={IEEE}
}


@article{pavlides2015computational,
  title={Computational Models Describing Possible Mechanisms for Generation of Excessive Beta Oscillations in Parkinson’s Disease},
  author={Pavlides, Alex and Hogan, S John and Bogacz, Rafal},
  journal={PLoS Comput Biol},
  volume={11},
  number={12},
  pages={e1004609},
  year={2015},
  publisher={Public Library of Science}
}


@article{tachibana2011subthalamo,
  title={Subthalamo-pallidal interactions underlying parkinsonian neuronal oscillations in the primate basal ganglia},
  author={Tachibana, Yoshihisa and Iwamuro, Hirokazu and Kita, Hitoshi and Takada, Masahiko and Nambu, Atsushi},
  journal={European Journal of Neuroscience},
  volume={34},
  number={9},
  pages={1470--1484},
  year={2011},
  publisher={Wiley Online Library}
}


@article{kerr2013cortical,
  title={Cortical information flow in Parkinson’s disease: a composite network/field model},
  author={Kerr, Cliff C and Van Albada, Sacha J and Neymotin, Samuel A and Chadderdon, George L and Robinson, PA and Lytton, William W},
  year={2013}
}


@incollection{ding2014analyzing,
  title={Analyzing MEG Data with Granger Causality: Promises and Pitfalls},
  author={Ding, Mingzhou and Wang, Chao},
  booktitle={Magnetoencephalography},
  pages={309--318},
  year={2014},
  publisher={Springer}
}


@article{zeller2016dynamic,
  title={Dynamic causal modeling of touch-evoked potentials in the rubber hand illusion},
  author={Zeller, Daniel and Friston, Karl J and Classen, Joseph},
  journal={NeuroImage},
  year={2016},
  publisher={Elsevier}
}


@article{penny2009dynamic,
  title={Dynamic causal models for phase coupling},
  author={Penny, WD and Litvak, V and Fuentemilla, L and Duzel, E and Friston, K},
  journal={Journal of neuroscience methods},
  volume={183},
  number={1},
  pages={19--30},
  year={2009},
  publisher={Elsevier}
}


@article{razi2016connected,
  title={The Connected Brain: Causality, models, and intrinsic dynamics},
  author={Razi, Adeel and Friston, Karl J},
  journal={IEEE Signal Processing Magazine},
  volume={33},
  number={3},
  pages={14--35},
  year={2016},
  publisher={IEEE}
}


@article{bajaj2016bridging,
  title={Bridging the Gap: Dynamic Causal Modeling and Granger Causality Analysis of Resting State Functional Magnetic Resonance Imaging},
  author={Bajaj, Sahil and Adhikari, Bhim M and Friston, Karl J and Dhamala, Mukesh},
  journal={Brain Connectivity},
  volume={6},
  number={8},
  pages={652--661},
  year={2016},
  publisher={Mary Ann Liebert, Inc. 140 Huguenot Street, 3rd Floor New Rochelle, NY 10801 USA}
}


@article{florin2016parkinson,
  title={Parkinson subtype-specific Granger-causal coupling and coherence frequency in the subthalamic area},
  author={Florin, Esther and Pfeifer, Johannes and Visser-Vandewalle, Veerle and Schnitzler, Alfons and Timmermann, Lars},
  journal={Neuroscience},
  volume={332},
  pages={170--180},
  year={2016},
  publisher={Elsevier}
}


@inproceedings{sheikhattar2016dynamic,
  title={Dynamic estimation of causal influences in sparsely-interacting neuronal ensembles},
  author={Sheikhattar, Alireza and Babadi, Behtash},
  booktitle={2016 Annual Conference on Information Science and Systems (CISS)},
  pages={551--556},
  year={2016},
  organization={IEEE}
}